<?xml version="1.0" encoding="UTF-8"?><collection xmlns="http://www.loc.gov/MARC21/slim"><record><leader>00433nam--2200133-i-4500</leader><controlfield tag="001">000014072</controlfield><controlfield tag="002">20161230</controlfield><controlfield tag="005">20161230201030</controlfield><controlfield tag="008">060222s1000------------r-----000-0-eng-d</controlfield><datafield ind1=" " ind2=" " tag="080"><subfield code="a">519.688(043)</subfield></datafield><datafield ind1=" " ind2=" " tag="100"><subfield code="a">Blanca, Ernest</subfield></datafield><datafield ind1=" " ind2=" " tag="245"><subfield code="a">Contribution a la conception assistee par ordi nateur a enssembles logiques. traitment des ex pressions booleennes. programme chopin. these</subfield></datafield><datafield ind1=" " ind2=" " tag="260"><subfield code="a">Paris, Universite, 1973. 145p</subfield></datafield><datafield ind1=" " ind2=" " tag="852"><subfield code="a">49820</subfield></datafield></record></collection>